<?xml version="1.0" encoding="UTF-8"?><record xmlns="http://www.loc.gov/MARC21/slim" xmlns:cinclude="http://apache.org/cocoon/include/1.0" xmlns:zs="http://www.loc.gov/zing/srw/">
  <leader>00565nz  a2200157n  4500</leader>
  <controlfield tag="001">no 00064128 </controlfield>
  <controlfield tag="003">DLC</controlfield>
  <controlfield tag="005">20000810064027.0</controlfield>
  <controlfield tag="008">000809n| acannaabn          |a aaa     c</controlfield>
  <datafield tag="010" ind1=" " ind2=" ">
    <subfield code="a">no 00064128 </subfield>
  </datafield>
  <datafield tag="035" ind1=" " ind2=" ">
    <subfield code="a">(OCoLC)oca05284774</subfield>
  </datafield>
  <datafield tag="040" ind1=" " ind2=" ">
    <subfield code="a">MBU-T</subfield>
    <subfield code="b">eng</subfield>
    <subfield code="c">MBU-T</subfield>
  </datafield>
  <datafield tag="100" ind1="1" ind2="0">
    <subfield code="a">Gratieux, Albert,</subfield>
    <subfield code="d">1874-1951</subfield>
  </datafield>
  <datafield tag="400" ind1="1" ind2="0">
    <subfield code="a">Gratieux, A.</subfield>
    <subfield code="q">(Albert),</subfield>
    <subfield code="d">1874-1951</subfield>
  </datafield>
  <datafield tag="670" ind1=" " ind2=" ">
    <subfield code="a">Amitie휍혖 au service de l'union : Lord Halifax et l'Abbe휍혖 Portal, 1950:</subfield>
    <subfield code="b">t.p. (Albert Gratieux)</subfield>
  </datafield>
  <datafield tag="670" ind1=" " ind2=" ">
    <subfield code="a">OCLC, Aug. 9, 2000:</subfield>
    <subfield code="b">(hdg.: Gratieux, Albert, 1874-1951; usage: Albert Gratieux; A. Gratieux)</subfield>
  </datafield>
</record>